%%%% BIBLIOGRAPHY FOR MAGNETRON PAPER %%%%%%%%%%


%%%% RANDOM PAPERS %%%%%%%%%%%%


@ARTICLE{xrb_khzqpos,
   author = {{van der Klis}, M.},
    title = "{Overview of QPOs in neutron-star low-mass X-ray binaries}",
  journal = {Advances in Space Research},
     year = 2006,
    month = jan,
   volume = 38,
    pages = {2675-2679},
      doi = {10.1016/j.asr.2005.11.026},
   adsurl = {http://adsabs.harvard.edu/abs/2006AdSpR..38.2675V},
  adsnote = {Provided by the SAO/NASA Astrophysics Data System}
}

@ARTICLE{dasch_giants,
   author = {{Tang}, S. and {Grindlay}, J. and {Los}, E. and {Laycock}, S.
	},
    title = "{DASCH Discovery of Large Amplitude \~{}10-100 Year Variability in K Giants}",
  journal = apjl,
archivePrefix = "arXiv",
   eprint = {1001.1395},
 primaryClass = "astro-ph.SR",
 keywords = {methods: data analysis, stars: evolution, stars: variables: general, techniques: photometric},
     year = 2010,
    month = feb,
   volume = 710,
    pages = {L77-L81},
      doi = {10.1088/2041-8205/710/1/L77},
   adsurl = {http://adsabs.harvard.edu/abs/2010ApJ...710L..77T},
  adsnote = {Provided by the SAO/NASA Astrophysics Data System}
}






@ARTICLE{chaplin2013,
   author = {{Chaplin}, V. and {Bhat}, N. and {Briggs}, M.~S. and {Connaughton}, V.
	},
    title = "{Analytical modeling of pulse-pileup distortion using the true pulse shape; applications to Fermi-GBM}",
  journal = {Nuclear Instruments and Methods in Physics Research A},
archivePrefix = "arXiv",
   eprint = {1211.6592},
 primaryClass = "astro-ph.IM",
     year = 2013,
    month = jul,
   volume = 717,
    pages = {21-36},
      doi = {10.1016/j.nima.2013.03.067},
   adsurl = {http://adsabs.harvard.edu/abs/2013NIMPA.717...21C},
  adsnote = {Provided by the SAO/NASA Astrophysics Data System}
}


@ARTICLE{briggs2010,
   author = {{Briggs}, M.~S. and {Fishman}, G.~J. and {Connaughton}, V. and 
	{Bhat}, P.~N. and {Paciesas}, W.~S. and {Preece}, R.~D. and 
	{Wilson-Hodge}, C. and {Chaplin}, V.~L. and {Kippen}, R.~M. and 
	{von Kienlin}, A. and {Meegan}, C.~A. and {Bissaldi}, E. and 
	{Dwyer}, J.~R. and {Smith}, D.~M. and {Holzworth}, R.~H. and 
	{Grove}, J.~E. and {Chekhtman}, A.},
    title = "{First results on terrestrial gamma ray flashes from the Fermi Gamma-ray Burst Monitor}",
  journal = {Journal of Geophysical Research (Space Physics)},
 keywords = {Atmospheric Processes: Atmospheric electricity, Atmospheric Processes: Lightning, Ionosphere: Ionosphere/atmosphere interactions (0335), Ionosphere: Particle acceleration},
     year = 2010,
    month = jul,
   volume = 115,
      eid = {A07323},
    pages = {7323},
      doi = {10.1029/2009JA015242},
   adsurl = {http://adsabs.harvard.edu/abs/2010JGRA..115.7323B},
  adsnote = {Provided by the SAO/NASA Astrophysics Data System}
}

@ARTICLE{meegan2009,
   author = {{Meegan}, C. and {Lichti}, G. and {Bhat}, P.~N. and {Bissaldi}, E. and 
	{Briggs}, M.~S. and {Connaughton}, V. and {Diehl}, R. and {Fishman}, G. and 
	{Greiner}, J. and {Hoover}, A.~S. and {van der Horst}, A.~J. and 
	{von Kienlin}, A. and {Kippen}, R.~M. and {Kouveliotou}, C. and 
	{McBreen}, S. and {Paciesas}, W.~S. and {Preece}, R. and {Steinle}, H. and 
	{Wallace}, M.~S. and {Wilson}, R.~B. and {Wilson-Hodge}, C.},
    title = "{The Fermi Gamma-ray Burst Monitor}",
  journal = {\apj},
archivePrefix = "arXiv",
   eprint = {0908.0450},
 primaryClass = "astro-ph.IM",
 keywords = {gamma rays: bursts, instrumentation: detectors},
     year = 2009,
    month = sep,
   volume = 702,
    pages = {791-804},
      doi = {10.1088/0004-637X/702/1/791},
   adsurl = {http://adsabs.harvard.edu/abs/2009ApJ...702..791M},
  adsnote = {Provided by the SAO/NASA Astrophysics Data System}
}





%%%% MAGNETARS %%%%%%%%%%%%%%%%%%

@ARTICLE{halpern2005,
   author = {{Halpern}, J.~P. and {Gotthelf}, E.~V. and {Becker}, R.~H. and 
	{Helfand}, D.~J. and {White}, R.~L.},
    title = "{Discovery of Radio Emission from the Transient Anomalous X-Ray Pulsar XTE J1810-197}",
  journal = {\apjl},
   eprint = {astro-ph/0508534},
 keywords = {Stars: Pulsars: General, Stars: Pulsars: Individual: Alphanumeric: XTE J1810-197, pulsars: individual (AX J1844.8-0256), Radio Continuum: Stars, X-Rays: Stars},
     year = 2005,
    month = oct,
   volume = 632,
    pages = {L29-L32},
      doi = {10.1086/497537},
   adsurl = {http://adsabs.harvard.edu/abs/2005ApJ...632L..29H},
  adsnote = {Provided by the SAO/NASA Astrophysics Data System}
}

@ARTICLE{malofeev2010,
   author = {{Malofeev}, V.~M. and {Teplykh}, D.~A. and {Malov}, O.~I.},
    title = "{Detection of radio emission from the AXP 4U 0142+61}",
  journal = {Astronomy Reports},
     year = 2010,
    month = nov,
   volume = 54,
    pages = {995-999},
      doi = {10.1134/S1063772910110053},
   adsurl = {http://adsabs.harvard.edu/abs/2010ARep...54..995M},
  adsnote = {Provided by the SAO/NASA Astrophysics Data System}
}
@ARTICLE{camilo2006,
   author = {{Camilo}, F. and {Ransom}, S.~M. and {Halpern}, J.~P. and {Reynolds}, J. and 
	{Helfand}, D.~J. and {Zimmerman}, N. and {Sarkissian}, J.},
    title = "{Transient pulsed radio emission from a magnetar}",
  journal = {\nat},
   eprint = {astro-ph/0605429},
     year = 2006,
    month = aug,
   volume = 442,
    pages = {892-895},
      doi = {10.1038/nature04986},
   adsurl = {http://adsabs.harvard.edu/abs/2006Natur.442..892C},
  adsnote = {Provided by the SAO/NASA Astrophysics Data System}
}

@ARTICLE{mereghetti2011,
   author = {{Mereghetti}, S.},
    title = "{The multi-wavelength properties of Anomalous X-ray Pulsars and Soft Gamma-ray Repeaters}",
  journal = {Advances in Space Research},
     year = 2011,
    month = apr,
   volume = 47,
    pages = {1317-1325},
      doi = {10.1016/j.asr.2010.08.031},
   adsurl = {http://adsabs.harvard.edu/abs/2011AdSpR..47.1317M},
  adsnote = {Provided by the SAO/NASA Astrophysics Data System}
}

@ARTICLE{mereghetti2008,
   author = {{Mereghetti}, S.},
    title = "{The strongest cosmic magnets: soft gamma-ray repeaters and anomalous X-ray pulsars}",
  journal = {\aapr},
archivePrefix = "arXiv",
   eprint = {0804.0250},
 keywords = {Stars: neutron, Magnetic fields, X-rays: stars, Gamma rays: bursts, Pulsars: general},
     year = 2008,
    month = jul,
   volume = 15,
    pages = {225-287},
      doi = {10.1007/s00159-008-0011-z},
   adsurl = {http://adsabs.harvard.edu/abs/2008A%26ARv..15..225M},
  adsnote = {Provided by the SAO/NASA Astrophysics Data System}
}


@INBOOK{woods2006,
   author = {{Woods}, P.~M. and {Thompson}, C.},
    title = "{Soft gamma repeaters and anomalous X-ray pulsars: magnetar candidates}",
 keywords = {Soft Gamma Repeaters, X-ray Pulsars},
booktitle = {Compact stellar X-ray sources},
     year = 2006,
    month = apr,
   editor = {{Lewin}, W.~H.~G. and {van der Klis}, M.},
    pages = {547-586},
   adsurl = {http://adsabs.harvard.edu/abs/2006csxs.book..547W},
  adsnote = {Provided by the SAO/NASA Astrophysics Data System}
}



@ARTICLE{vanderhorst2010,
   author = {{van der Horst}, A.~J. and {Connaughton}, V. and {Kouveliotou}, C. and 
	{G{\"o}{\v g}{\"u}{\c s}}, E. and {Kaneko}, Y. and {Wachter}, S. and 
	{Briggs}, M.~S. and {Granot}, J. and {Ramirez-Ruiz}, E. and 
	{Woods}, P.~M. and {Aptekar}, R.~L. and {Barthelmy}, S.~D. and 
	{Cummings}, J.~R. and {Finger}, M.~H. and {Frederiks}, D.~D. and 
	{Gehrels}, N. and {Gelino}, C.~R. and {Gelino}, D.~M. and {Golenetskii}, S. and 
	{Hurley}, K. and {Krimm}, H.~A. and {Mazets}, E.~P. and {McEnery}, J.~E. and 
	{Meegan}, C.~A. and {Oleynik}, P.~P. and {Palmer}, D.~M. and 
	{Pal'shin}, V.~D. and {Pe'er}, A. and {Svinkin}, D. and {Ulanov}, M.~V. and 
	{van der Klis}, M. and {von Kienlin}, A. and {Watts}, A.~L. and 
	{Wilson-Hodge}, C.~A.},
    title = "{Discovery of a New Soft Gamma Repeater: SGR J0418 + 5729}",
  journal = {\apjl},
archivePrefix = "arXiv",
   eprint = {0911.5544},
 primaryClass = "astro-ph.HE",
 keywords = {pulsars: individual: SGR J0418+5729, stars: neutron, X-rays: bursts},
     year = 2010,
    month = mar,
   volume = 711,
    pages = {L1-L6},
      doi = {10.1088/2041-8205/711/1/L1},
   adsurl = {http://adsabs.harvard.edu/abs/2010ApJ...711L...1V},
  adsnote = {Provided by the SAO/NASA Astrophysics Data System}
}
@ARTICLE{esposito2010,
   author = {{Esposito}, P. and {Israel}, G.~L. and {Turolla}, R. and {Tiengo}, A. and 
	{G{\"o}tz}, D. and {de Luca}, A. and {Mignani}, R.~P. and {Zane}, S. and 
	{Rea}, N. and {Testa}, V. and {Caraveo}, P.~A. and {Chaty}, S. and 
	{Mattana}, F. and {Mereghetti}, S. and {Pellizzoni}, A. and 
	{Romano}, P.},
    title = "{Early X-ray and optical observations of the soft gamma-ray repeater SGR0418+5729}",
  journal = {\mnras},
archivePrefix = "arXiv",
   eprint = {1002.3506},
 primaryClass = "astro-ph.HE",
 keywords = {stars: neutron, pulsars: general, X-rays: individual: SGR0418+5729},
     year = 2010,
    month = jul,
   volume = 405,
    pages = {1787-1795},
      doi = {10.1111/j.1365-2966.2010.16551.x},
   adsurl = {http://adsabs.harvard.edu/abs/2010MNRAS.405.1787E},
  adsnote = {Provided by the SAO/NASA Astrophysics Data System}
}
@ARTICLE{rea2010,
   author = {{Rea}, N. and {Esposito}, P. and {Turolla}, R. and {Israel}, G.~L. and 
	{Zane}, S. and {Stella}, L. and {Mereghetti}, S. and {Tiengo}, A. and 
	{G{\"o}tz}, D. and {G{\"o}{\u g}{\"u}{\c s}}, E. and {Kouveliotou}, C.
	},
    title = "{A Low-Magnetic-Field Soft Gamma Repeater}",
  journal = {Science},
archivePrefix = "arXiv",
   eprint = {1010.2781},
 primaryClass = "astro-ph.HE",
     year = 2010,
    month = nov,
   volume = 330,
    pages = {944-},
      doi = {10.1126/science.1196088},
   adsurl = {http://adsabs.harvard.edu/abs/2010Sci...330..944R},
  adsnote = {Provided by the SAO/NASA Astrophysics Data System}
}

@ARTICLE{rea2012,
   author = {{Rea}, N. and {Israel}, G.~L. and {Esposito}, P. and {Pons}, J.~A. and 
	{Camero-Arranz}, A. and {Mignani}, R.~P. and {Turolla}, R. and 
	{Zane}, S. and {Burgay}, M. and {Possenti}, A. and {Campana}, S. and 
	{Enoto}, T. and {Gehrels}, N. and {G{\"o}{\v g}{\"u}{\c s}}, E. and 
	{G{\"o}tz}, D. and {Kouveliotou}, C. and {Makishima}, K. and 
	{Mereghetti}, S. and {Oates}, S.~R. and {Palmer}, D.~M. and 
	{Perna}, R. and {Stella}, L. and {Tiengo}, A.},
    title = "{A New Low Magnetic Field Magnetar: The 2011 Outburst of Swift J1822.3-1606}",
  journal = {\apj},
archivePrefix = "arXiv",
   eprint = {1203.6449},
 primaryClass = "astro-ph.GA",
 keywords = {stars: individual: Swift J1822.3{\ndash}1606, stars: magnetars, stars: neutron, X-rays: bursts, X-rays: stars},
     year = 2012,
    month = jul,
   volume = 754,
      eid = {27},
    pages = {27},
      doi = {10.1088/0004-637X/754/1/27},
   adsurl = {http://adsabs.harvard.edu/abs/2012ApJ...754...27R},
  adsnote = {Provided by the SAO/NASA Astrophysics Data System}
}

@ARTICLE{scholz2012,
   author = {{Scholz}, P. and {Ng}, C.-Y. and {Livingstone}, M.~A. and {Kaspi}, V.~M. and 
	{Cumming}, A. and {Archibald}, R.~F.},
    title = "{Post-outburst X-Ray Flux and Timing Evolution of Swift J1822.3-1606}",
  journal = {\apj},
archivePrefix = "arXiv",
   eprint = {1204.1034},
 primaryClass = "astro-ph.HE",
 keywords = {pulsars: individual: Swift J1822.3{\ndash}1606, stars: neutron, X-rays: bursts, X-rays: general},
     year = 2012,
    month = dec,
   volume = 761,
      eid = {66},
    pages = {66},
      doi = {10.1088/0004-637X/761/1/66},
   adsurl = {http://adsabs.harvard.edu/abs/2012ApJ...761...66S},
  adsnote = {Provided by the SAO/NASA Astrophysics Data System}
}


@ARTICLE{rea2014,
   author = {{Rea}, N. and {Vigan{\`o}}, D. and {Israel}, G.~L. and {Pons}, J.~A. and 
	{Torres}, D.~F.},
    title = "{3XMM J185246.6+003317: Another Low Magnetic Field Magnetar}",
  journal = {\apjl},
archivePrefix = "arXiv",
   eprint = {1311.3091},
 primaryClass = "astro-ph.GA",
 keywords = {pulsars: general, X-rays: stars},
     year = 2014,
    month = jan,
   volume = 781,
      eid = {L17},
    pages = {L17},
      doi = {10.1088/2041-8205/781/1/L17},
   adsurl = {http://adsabs.harvard.edu/abs/2014ApJ...781L..17R},
  adsnote = {Provided by the SAO/NASA Astrophysics Data System}
}


@ARTICLE{duncan1992,
   author = {{Duncan}, R.~C. and {Thompson}, C.},
    title = "{Formation of very strongly magnetized neutron stars - Implications for gamma-ray bursts}",
  journal = {\apjl},
 keywords = {Dynamo Theory, Gamma Ray Bursts, Neutron Stars, Star Formation, Stellar Magnetic Fields, Gravitational Collapse, Stellar Rotation, Supernovae},
     year = 1992,
    month = jun,
   volume = 392,
    pages = {L9-L13},
      doi = {10.1086/186413},
   adsurl = {http://adsabs.harvard.edu/abs/1992ApJ...392L...9D},
  adsnote = {Provided by the SAO/NASA Astrophysics Data System}
}

@ARTICLE{thompson1995,
   author = {{Thompson}, C. and {Duncan}, R.~C.},
    title = "{The soft gamma repeaters as very strongly magnetized neutron stars - I. Radiative mechanism for outbursts}",
  journal = {\mnras},
 keywords = {MAGNETIC FIELDS, RADIATION MECHANISMS: THERMAL, RADIATIVE TRANSFER, STARS: NEUTRON, GAMMA-RAYS: BURSTS},
     year = 1995,
    month = jul,
   volume = 275,
    pages = {255-300},
   adsurl = {http://adsabs.harvard.edu/abs/1995MNRAS.275..255T},
  adsnote = {Provided by the SAO/NASA Astrophysics Data System}
}

@ARTICLE{duncan1998,
   author = {{Duncan}, R.~C.},
    title = "{Global Seismic Oscillations in Soft Gamma Repeaters}",
  journal = {\apjl},
   eprint = {astro-ph/9803060},
 keywords = {STARS: MAGNETIC FIELDS, STARS: NEUTRON, STARS: OSCILLATIONS, X-RAYS: STARS, Stars: Magnetic Fields, Stars: Neutron, Stars: Oscillations, X-Rays: Stars},
     year = 1998,
    month = may,
   volume = 498,
    pages = {L45-L49},
      doi = {10.1086/311303},
   adsurl = {http://adsabs.harvard.edu/abs/1998ApJ...498L..45D},
  adsnote = {Provided by the SAO/NASA Astrophysics Data System}
}

@ARTICLE{thompson2001,
   author = {{Thompson}, C. and {Duncan}, R.~C.},
    title = "{The Giant Flare of 1998 August 27 from SGR 1900+14. II. Radiative Mechanism and Physical Constraints on the Source}",
  journal = {\apj},
   eprint = {astro-ph/0110675},
 keywords = {Gamma Rays: Bursts, Stars: Magnetic Fields, Stars: Neutron, X-Rays: Stars},
     year = 2001,
    month = nov,
   volume = 561,
    pages = {980-1005},
      doi = {10.1086/323256},
   adsurl = {http://adsabs.harvard.edu/abs/2001ApJ...561..980T},
  adsnote = {Provided by the SAO/NASA Astrophysics Data System}
}

@ARTICLE{mazets1979,
   author = {{Mazets}, E.~P. and {Golentskii}, S.~V. and {Ilinskii}, V.~N. and 
	{Aptekar}, R.~L. and {Guryan}, I.~A.},
    title = "{Observations of a flaring X-ray pulsar in Dorado}",
  journal = {\nat},
 keywords = {Binary Stars, Neutron Stars, Pulsars, Venera Satellites, X Ray Sources, Bursts, Stellar Models},
     year = 1979,
    month = dec,
   volume = 282,
    pages = {587-589},
      doi = {10.1038/282587a0},
   adsurl = {http://adsabs.harvard.edu/abs/1979Natur.282..587M},
  adsnote = {Provided by the SAO/NASA Astrophysics Data System}
}

@ARTICLE{cline1998,
   author = {{Cline}, T.~L. and {Mazets}, E.~P. and {Golenetskii}, S.~V.},
    title = "{Sgr 1900+14}",
  journal = {\iaucirc},
     year = 1998,
    month = aug,
   volume = 7002,
    pages = {1},
   adsurl = {http://adsabs.harvard.edu/abs/1998IAUC.7002....1C},
  adsnote = {Provided by the SAO/NASA Astrophysics Data System}
}

@ARTICLE{hurley1999,
   author = {{Hurley}, K. and {Cline}, T. and {Mazets}, E. and {Barthelmy}, S. and 
	{Butterworth}, P. and {Marshall}, F. and {Palmer}, D. and {Aptekar}, R. and 
	{Golenetskii}, S. and {Il'Inskii}, V. and {Frederiks}, D. and 
	{McTiernan}, J. and {Gold}, R. and {Trombka}, J.},
    title = "{A giant periodic flare from the soft {$\gamma$}-ray repeater SGR1900+14}",
  journal = {\nat},
   eprint = {astro-ph/9811443},
     year = 1999,
    month = jan,
   volume = 397,
    pages = {41-43},
      doi = {10.1038/16199},
   adsurl = {http://adsabs.harvard.edu/abs/1999Natur.397...41H},
  adsnote = {Provided by the SAO/NASA Astrophysics Data System}
}

@ARTICLE{feroci1999,
   author = {{Feroci}, M. and {Frontera}, F. and {Costa}, E. and {Amati}, L. and 
	{Tavani}, M. and {Rapisarda}, M. and {Orlandini}, M.},
    title = "{A Giant Outburst from SGR 1900+14 Observed with the BeppoSAX Gamma-Ray Burst Monitor}",
  journal = {\apjl},
   eprint = {astro-ph/9902096},
 keywords = {GAMMA RAYS: BURSTS, STARS: INDIVIDUAL: ALPHANUMERIC: SGR 1900+14, STARS: NEUTRON, X-RAYS: STARS, Gamma Rays: Bursts, Stars: Individual: Alphanumeric: SGR 1900+14, Stars: Neutron, X-Rays: Stars},
     year = 1999,
    month = apr,
   volume = 515,
    pages = {L9-L12},
      doi = {10.1086/311964},
   adsurl = {http://adsabs.harvard.edu/abs/1999ApJ...515L...9F},
  adsnote = {Provided by the SAO/NASA Astrophysics Data System}
}

@ARTICLE{palmer2005,
   author = {{Palmer}, D.~M. and {Barthelmy}, S. and {Gehrels}, N. and {Kippen}, R.~M. and 
	{Cayton}, T. and {Kouveliotou}, C. and {Eichler}, D. and {Wijers}, R.~A.~M.~J. and 
	{Woods}, P.~M. and {Granot}, J. and {Lyubarsky}, Y.~E. and {Ramirez-Ruiz}, E. and 
	{Barbier}, L. and {Chester}, M. and {Cummings}, J. and {Fenimore}, E.~E. and 
	{Finger}, M.~H. and {Gaensler}, B.~M. and {Hullinger}, D. and 
	{Krimm}, H. and {Markwardt}, C.~B. and {Nousek}, J.~A. and {Parsons}, A. and 
	{Patel}, S. and {Sakamoto}, T. and {Sato}, G. and {Suzuki}, M. and 
	{Tueller}, J.},
    title = "{A giant {$\gamma$}-ray flare from the magnetar SGR 1806 - 20}",
  journal = {\nat},
   eprint = {astro-ph/0503030},
     year = 2005,
    month = apr,
   volume = 434,
    pages = {1107-1109},
      doi = {10.1038/nature03525},
   adsurl = {http://adsabs.harvard.edu/abs/2005Natur.434.1107P},
  adsnote = {Provided by the SAO/NASA Astrophysics Data System}
}
@ARTICLE{hurley2005,
   author = {{Hurley}, K. and {Boggs}, S.~E. and {Smith}, D.~M. and {Duncan}, R.~C. and 
	{Lin}, R. and {Zoglauer}, A. and {Krucker}, S. and {Hurford}, G. and 
	{Hudson}, H. and {Wigger}, C. and {Hajdas}, W. and {Thompson}, C. and 
	{Mitrofanov}, I. and {Sanin}, A. and {Boynton}, W. and {Fellows}, C. and 
	{von Kienlin}, A. and {Lichti}, G. and {Rau}, A. and {Cline}, T.
	},
    title = "{An exceptionally bright flare from SGR 1806-20 and the origins of short-duration {$\gamma$}-ray bursts}",
  journal = {\nat},
   eprint = {astro-ph/0502329},
     year = 2005,
    month = apr,
   volume = 434,
    pages = {1098-1103},
      doi = {10.1038/nature03519},
   adsurl = {http://adsabs.harvard.edu/abs/2005Natur.434.1098H},
  adsnote = {Provided by the SAO/NASA Astrophysics Data System}
}


@ARTICLE{borkowski2004,
   author = {{Borkowski}, J. and {Gotz}, D. and {Mereghetti}, S. and {Mowlavi}, N. and 
	{Shaw}, S. and {Turler}, M.},
    title = "{Giant flare from Sgr 1806-20 detected by INTEGRAL.}",
  journal = {GRB Coordinates Network},
     year = 2004,
   volume = 2920,
    pages = {1},
   adsurl = {http://adsabs.harvard.edu/abs/2004GCN..2920....1B},
  adsnote = {Provided by the SAO/NASA Astrophysics Data System}
}
@ARTICLE{mereghetti2005,
   author = {{Mereghetti}, S. and {G{\"o}tz}, D. and {von Kienlin}, A. and 
	{Rau}, A. and {Lichti}, G. and {Weidenspointner}, G. and {Jean}, P.
	},
    title = "{The First Giant Flare from SGR 1806-20: Observations Using the Anticoincidence Shield of the Spectrometer on INTEGRAL}",
  journal = {\apjl},
   eprint = {astro-ph/0502577},
 keywords = {Gamma Rays: Bursts, Stars: Individual: Alphanumeric: SGR 1806-20, Stars: Neutron, X-Rays: Bursts},
     year = 2005,
    month = may,
   volume = 624,
    pages = {L105-L108},
      doi = {10.1086/430669},
   adsurl = {http://adsabs.harvard.edu/abs/2005ApJ...624L.105M},
  adsnote = {Provided by the SAO/NASA Astrophysics Data System}
}
@ARTICLE{mereghetti2005b,
   author = {{Mereghetti}, S. and {G{\"o}tz}, D. and {Mirabel}, I.~F. and 
	{Hurley}, K.},
    title = "{INTEGRAL discovery of persistent hard X-ray emission from the Soft Gamma-ray Repeater SGR 1806-20}",
  journal = {\aap},
   eprint = {astro-ph/0411695},
 keywords = {gamma rays: bursts, pulsars: general, stars: individual: SGR 1806-20},
     year = 2005,
    month = apr,
   volume = 433,
    pages = {L9-L12},
      doi = {10.1051/0004-6361:200500088},
   adsurl = {http://adsabs.harvard.edu/abs/2005A%26A...433L...9M},
  adsnote = {Provided by the SAO/NASA Astrophysics Data System}
}


@ARTICLE{hurley2004,
   author = {{Hurley}, K. and {Cline}, T. and {Mitrofanov}, I. and {Charyshnikov}, S. and 
	{Grinkov}, V. and {Kozyrev}, A. and {Litvak}, M. and {Sanin}, A. and 
	{Boynton}, W. and {Fellows}, C. and {Harshman}, K. and {Shinohara}, C. and 
	{Starr}, R.},
    title = "{IPN localization of giant flare from SGR1806-20.}",
  journal = {GRB Coordinates Network},
     year = 2004,
   volume = 2921,
    pages = {1},
   adsurl = {http://adsabs.harvard.edu/abs/2004GCN..2921....1H},
  adsnote = {Provided by the SAO/NASA Astrophysics Data System}
}
@ARTICLE{mazets2005,
   author = {{Mazets}, E.~P. and {Cline}, T.~L. and {Aptekar}, R.~L. and 
	{Frederiks}, D.~D. and {Golenetskii}, S.~V. and {Il'inskii}, V.~N. and 
	{Pal'shin}, V.~D.},
    title = "{The Konus-Wind and Helicon-Coronas-F detection of the giant \$$\backslash$gamma\$-ray flare from the soft \$$\backslash$gamma\$-ray repeater SGR 1806-20}",
  journal = {ArXiv Astrophysics e-prints},
   eprint = {astro-ph/0502541},
 keywords = {Astrophysics},
     year = 2005,
    month = feb,
   adsurl = {http://adsabs.harvard.edu/abs/2005astro.ph..2541M},
  adsnote = {Provided by the SAO/NASA Astrophysics Data System}
}

@ARTICLE{yamazaki2005,
   author = {{Yamazaki}, R. and {Ioka}, K. and {Takahara}, F. and {Shibazaki}, N.
	},
    title = "{Giant Flare of SGR 1806-20 from a Relativistic Jet}",
  journal = {\pasj},
   eprint = {astro-ph/0502320},
 keywords = {gamma rays: theory, ISM: jets and outflows, stars: neutron, stars: pulsars: individual (SGR 1806 - 20)},
     year = 2005,
    month = jun,
   volume = 57,
    pages = {L11-L15},
      doi = {10.1093/pasj/57.3.L11},
   adsurl = {http://adsabs.harvard.edu/abs/2005PASJ...57L..11Y},
  adsnote = {Provided by the SAO/NASA Astrophysics Data System}
}
@ARTICLE{terasawa2005,
   author = {{Terasawa}, T. and {Tanaka}, Y.~T. and {Takei}, Y. and {Kawai}, N. and 
	{Yoshida}, A. and {Nomoto}, K. and {Yoshikawa}, I. and {Saito}, Y. and 
	{Kasaba}, Y. and {Takashima}, T. and {Mukai}, T. and {Noda}, H. and 
	{Murakami}, T. and {Watanabe}, K. and {Muraki}, Y. and {Yokoyama}, T. and 
	{Hoshino}, M.},
    title = "{Repeated injections of energy in the first 600ms of the giant flare of SGR1806 - 20}",
  journal = {\nat},
   eprint = {astro-ph/0502315},
     year = 2005,
    month = apr,
   volume = 434,
    pages = {1110-1111},
      doi = {10.1038/nature03573},
   adsurl = {http://adsabs.harvard.edu/abs/2005Natur.434.1110T},
  adsnote = {Provided by the SAO/NASA Astrophysics Data System}
}


@ARTICLE{israel2005,
   author = {{Israel}, G.~L. and {Belloni}, T. and {Stella}, L. and {Rephaeli}, Y. and 
	{Gruber}, D.~E. and {Casella}, P. and {Dall'Osso}, S. and {Rea}, N. and 
	{Persic}, M. and {Rothschild}, R.~E.},
    title = "{The Discovery of Rapid X-Ray Oscillations in the Tail of the SGR 1806-20 Hyperflare}",
  journal = {\apjl},
   eprint = {astro-ph/0505255},
 keywords = {Stars: Pulsars: Individual: Alphanumeric: SGR 1806-20, Stars: Flare, Stars: Neutron, Stars: Oscillations, X-Rays: Bursts},
     year = 2005,
    month = jul,
   volume = 628,
    pages = {L53-L56},
      doi = {10.1086/432615},
   adsurl = {http://adsabs.harvard.edu/abs/2005ApJ...628L..53I},
  adsnote = {Provided by the SAO/NASA Astrophysics Data System}
}



@ARTICLE{strohmayer2006,
   author = {{Strohmayer}, T.~E. and {Watts}, A.~L.},
    title = "{The 2004 Hyperflare from SGR 1806-20: Further Evidence for Global Torsional Vibrations}",
  journal = {\apj},
   eprint = {astro-ph/0608463},
 keywords = {Stars: Pulsars: Individual: Alphanumeric: SGR 1806-20, Stars: Magnetic Fields, Stars: Neutron, Stars: Oscillations, Stars: Rotation, X-Rays: Stars},
     year = 2006,
    month = dec,
   volume = 653,
    pages = {593-601},
      doi = {10.1086/508703},
   adsurl = {http://adsabs.harvard.edu/abs/2006ApJ...653..593S},
  adsnote = {Provided by the SAO/NASA Astrophysics Data System}
}
@ARTICLE{watts2006,
   author = {{Watts}, A.~L. and {Strohmayer}, T.~E.},
    title = "{Detection with RHESSI of High-Frequency X-Ray Oscillations in the Tailof the 2004 Hyperflare from SGR 1806-20}",
  journal = {\apjl},
   eprint = {astro-ph/0512630},
 keywords = {Stars: Pulsars: Individual: Alphanumeric: SGR 1806-20, Stars: Magnetic Fields, Stars: Neutron, Stars: Oscillations, Stars: Rotation, X-Rays: Stars},
     year = 2006,
    month = feb,
   volume = 637,
    pages = {L117-L120},
      doi = {10.1086/500735},
   adsurl = {http://adsabs.harvard.edu/abs/2006ApJ...637L.117W},
  adsnote = {Provided by the SAO/NASA Astrophysics Data System}
}

@ARTICLE{strohmayer2005,
   author = {{Strohmayer}, T.~E. and {Watts}, A.~L.},
    title = "{Discovery of Fast X-Ray Oscillations during the 1998 Giant Flare from SGR 1900+14}",
  journal = {\apjl},
   eprint = {astro-ph/0508206},
 keywords = {Stars: Pulsars: Individual: Alphanumeric: SGR 1900+14, Stars: Magnetic Fields, Stars: Neutron, Stars: Oscillations, Stars: Rotation, X-Rays: Stars},
     year = 2005,
    month = oct,
   volume = 632,
    pages = {L111-L114},
      doi = {10.1086/497911},
   adsurl = {http://adsabs.harvard.edu/abs/2005ApJ...632L.111S},
  adsnote = {Provided by the SAO/NASA Astrophysics Data System}
}

@ARTICLE{vanhoven2011,
   author = {{van Hoven}, M. and {Levin}, Y.},
    title = "{Magnetar oscillations - I. Strongly coupled dynamics of the crust and the core}",
  journal = {\mnras},
archivePrefix = "arXiv",
   eprint = {1006.0348},
 primaryClass = "astro-ph.HE",
 keywords = {stars: magnetars, stars: neutron, stars: oscillations},
     year = 2011,
    month = jan,
   volume = 410,
    pages = {1036-1051},
      doi = {10.1111/j.1365-2966.2010.17499.x},
   adsurl = {http://adsabs.harvard.edu/abs/2011MNRAS.410.1036V},
  adsnote = {Provided by the SAO/NASA Astrophysics Data System}
}
@ARTICLE{lyutikov2003,
   author = {{Lyutikov}, M.},
    title = "{Explosive reconnection in magnetars}",
  journal = {\mnras},
   eprint = {arXiv:astro-ph/0303384},
 keywords = {magnetic fields, plasmas, pulsars: general},
     year = 2003,
    month = dec,
   volume = 346,
    pages = {540-554},
      doi = {10.1046/j.1365-2966.2003.07110.x},
   adsurl = {http://adsabs.harvard.edu/abs/2003MNRAS.346..540L},
  adsnote = {Provided by the SAO/NASA Astrophysics Data System}
}


@ARTICLE{lyutikov2006,
   author = {{Lyutikov}, M.},
    title = "{Magnetar giant flares and afterglows as relativistic magnetized explosions}",
  journal = {\mnras},
   eprint = {astro-ph/0511711},
 keywords = {stars: individual: SGR 1806-20, stars: magnetic field, stars: neutron, X-rays: stars},
     year = 2006,
    month = apr,
   volume = 367,
    pages = {1594-1602},
      doi = {10.1111/j.1365-2966.2006.10069.x},
   adsurl = {http://adsabs.harvard.edu/abs/2006MNRAS.367.1594L},
  adsnote = {Provided by the SAO/NASA Astrophysics Data System}
}

@ARTICLE{levin2012,
   author = {{Levin}, Y. and {Lyutikov}, M.},
    title = "{On the dynamics of mechanical failures in magnetized neutron-star crusts}",
  journal = {ArXiv e-prints},
archivePrefix = "arXiv",
   eprint = {1204.2605},
 primaryClass = "astro-ph.HE",
 keywords = {Astrophysics - High Energy Astrophysical Phenomena},
     year = 2012,
    month = apr,
   adsurl = {http://adsabs.harvard.edu/abs/2012arXiv1204.2605L},
  adsnote = {Provided by the SAO/NASA Astrophysics Data System}
}

@ARTICLE{masada2010,
   author = {{Masada}, Y. and {Nagataki}, S. and {Shibata}, K. and {Terasawa}, T.
	},
    title = "{Solar-Type Magnetic Reconnection Model for Magnetar Giant Flares}",
  journal = {\pasj},
 keywords = {stars: individual (SGR 1806-20), stars: magnetic fields, stars: neutron},
     year = 2010,
    month = aug,
   volume = 62,
    pages = {1093-},
      doi = {10.1093/pasj/62.4.1093},
   adsurl = {http://adsabs.harvard.edu/abs/2010PASJ...62.1093M},
  adsnote = {Provided by the SAO/NASA Astrophysics Data System}
}

@ARTICLE{gill2010,
   author = {{Gill}, R. and {Heyl}, J.~S.},
    title = "{On the trigger mechanisms for soft gamma-ray repeater giant flares}",
  journal = {\mnras},
archivePrefix = "arXiv",
   eprint = {1002.3662},
 primaryClass = "astro-ph.HE",
 keywords = {magnetic fields, magnetic reconnection, plasmas, stars: magnetars, stars: neutron},
     year = 2010,
    month = sep,
   volume = 407,
    pages = {1926-1932},
      doi = {10.1111/j.1365-2966.2010.17038.x},
   adsurl = {http://adsabs.harvard.edu/abs/2010MNRAS.407.1926G},
  adsnote = {Provided by the SAO/NASA Astrophysics Data System}
}

@ARTICLE{heyl2005,
   author = {{Heyl}, J.~S. and {Hernquist}, L.},
    title = "{A quantum electrodynamics model for non-thermal emission from soft gamma repeaters and anomalous X-ray pulsars}",
  journal = {\mnras},
   eprint = {astro-ph/0502349},
 keywords = {MHD, radiation mechanisms, non-thermal, pulsars, general},
     year = 2005,
    month = sep,
   volume = 362,
    pages = {777-783},
      doi = {10.1111/j.1365-2966.2005.09338.x},
   adsurl = {http://adsabs.harvard.edu/abs/2005MNRAS.362..777H},
  adsnote = {Provided by the SAO/NASA Astrophysics Data System}
}

@ARTICLE{nakar2005,
   author = {{Nakar}, E. and {Piran}, T. and {Sari}, R.},
    title = "{Pure and Loaded Fireballs in Soft Gamma-Ray Repeater Giant Flares}",
  journal = {\apj},
   eprint = {astro-ph/0502052},
 keywords = {Gamma Rays: Theory, Stars: Individual: Alphanumeric: SGR 1806-20},
     year = 2005,
    month = dec,
   volume = 635,
    pages = {516-521},
      doi = {10.1086/497296},
   adsurl = {http://adsabs.harvard.edu/abs/2005ApJ...635..516N},
  adsnote = {Provided by the SAO/NASA Astrophysics Data System}
}
@ARTICLE{jones2003,
   author = {{Jones}, P.~B.},
    title = "{Nature of Fault Planes in Solid Neutron Star Matter}",
  journal = {\apj},
   eprint = {astro-ph/0210207},
 keywords = {Stars: Pulsars: General, Stars: Neutron, X-Rays: Stars},
     year = 2003,
    month = sep,
   volume = 595,
    pages = {342-345},
      doi = {10.1086/377351},
   adsurl = {http://adsabs.harvard.edu/abs/2003ApJ...595..342J},
  adsnote = {Provided by the SAO/NASA Astrophysics Data System}
}
@ARTICLE{horowitz2009,
   author = {{Horowitz}, C.~J. and {Kadau}, K.},
    title = "{Breaking Strain of Neutron Star Crust and Gravitational Waves}",
  journal = {Physical Review Letters},
archivePrefix = "arXiv",
   eprint = {0904.1986},
 primaryClass = "astro-ph.SR",
 keywords = {Neutron stars, Deformation and plasticity, Structural failure of materials, Gravitational radiation detectors, mass spectrometers, and other instrumentation and techniques},
     year = 2009,
    month = may,
   volume = 102,
   number = 19,
      eid = {191102},
    pages = {191102},
      doi = {10.1103/PhysRevLett.102.191102},
   adsurl = {http://adsabs.harvard.edu/abs/2009PhRvL.102s1102H},
  adsnote = {Provided by the SAO/NASA Astrophysics Data System}
}

@ARTICLE{goetz2006b,
   author = {{G{\"o}tz}, D. and {Mereghetti}, S. and {Molkov}, S. and {Hurley}, K. and 
	{Mirabel}, I.~F. and {Sunyaev}, R. and {Weidenspointner}, G. and 
	{Brandt}, S. and {del Santo}, M. and {Feroci}, M. and {G{\"o}{\u g}{\"u}{\c s}}, E. and 
	{von Kienlin}, A. and {van der Klis}, M. and {Kouveliotou}, C. and 
	{Lund}, N. and {Pizzichini}, G. and {Ubertini}, P. and {Winkler}, C. and 
	{Woods}, P.~M.},
    title = "{Two years of INTEGRAL monitoring of the soft gamma-ray repeater SGR 1806-20: from quiescence to frenzy}",
  journal = {\aap},
   eprint = {astro-ph/0508615},
 keywords = {gamma rays: bursts, gamma rays: observations, stars: pulsars: general, stars: pulsars: individual: SGR 1806-20},
     year = 2006,
    month = jan,
   volume = 445,
    pages = {313-321},
      doi = {10.1051/0004-6361:20053648},
   adsurl = {http://adsabs.harvard.edu/abs/2006A%26A...445..313G},
  adsnote = {Provided by the SAO/NASA Astrophysics Data System}
}
@ARTICLE{mazets1999,
   author = {{Mazets}, E.~P. and {Aptekar}, R.~L. and {Butterworth}, P.~S. and 
	{Cline}, T.~L. and {Frederiks}, D.~D. and {Golenetskii}, S.~V. and 
	{Hurley}, K. and {Il'Inskii}, V.~N.},
    title = "{Unusual Burst Emission from the New Soft Gamma Repeater SGR 1627-41}",
  journal = {\apjl},
   eprint = {astro-ph/9902292},
 keywords = {GAMMA RAYS: BURSTS, STARS: NEUTRON},
     year = 1999,
    month = jul,
   volume = 519,
    pages = {L151-L153},
      doi = {10.1086/312118},
   adsurl = {http://adsabs.harvard.edu/abs/1999ApJ...519L.151M},
  adsnote = {Provided by the SAO/NASA Astrophysics Data System}
}
@ARTICLE{israel2008,
   author = {{Israel}, G.~L. and {Romano}, P. and {Mangano}, V. and {Dall'Osso}, S. and 
	{Chincarini}, G. and {Stella}, L. and {Campana}, S. and {Belloni}, T. and 
	{Tagliaferri}, G. and {Blustin}, A.~J. and {Sakamoto}, T. and 
	{Hurley}, K. and {Zane}, S. and {Moretti}, A. and {Palmer}, D. and 
	{Guidorzi}, C. and {Burrows}, D.~N. and {Gehrels}, N. and {Krimm}, H.~A.
	},
    title = "{A Swift Gaze into the 2006 March 29 Burst Forest of SGR 1900+14}",
  journal = {\apj},
archivePrefix = "arXiv",
   eprint = {0805.3919},
 keywords = {Stars: Pulsars: Individual: Alphanumeric: SGR 1900+14, Stars: Flare, Stars: Neutron, X-Rays: Bursts},
     year = 2008,
    month = oct,
   volume = 685,
    pages = {1114-1128},
      doi = {10.1086/590486},
   adsurl = {http://adsabs.harvard.edu/abs/2008ApJ...685.1114I},
  adsnote = {Provided by the SAO/NASA Astrophysics Data System}
}


@ARTICLE{scholz2011,
   author = {{Scholz}, P. and {Kaspi}, V.~M.},
    title = "{The 2009 Outburst of Magnetar 1E 1547-5408: Persistent Radiative and Burst Properties}",
  journal = {\apj},
archivePrefix = "arXiv",
   eprint = {1106.5445},
 primaryClass = "astro-ph.HE",
 keywords = {pulsars: individual: 1E 1547-5408 PSR J1550{\ndash}5418 SGR J1550{\ndash}5418, stars: neutron, X-rays: bursts, X-rays: general},
     year = 2011,
    month = oct,
   volume = 739,
      eid = {94},
    pages = {94},
      doi = {10.1088/0004-637X/739/2/94},
   adsurl = {http://adsabs.harvard.edu/abs/2011ApJ...739...94S},
  adsnote = {Provided by the SAO/NASA Astrophysics Data System}
}
@ARTICLE{dib2012,
   author = {{Dib}, R. and {Kaspi}, V.~M. and {Scholz}, P. and {Gavriil}, F.~P.
	},
    title = "{RXTE Observations of Anomalous X-Ray Pulsar 1E 1547.0-5408 during and after its 2008 and 2009 Outbursts}",
  journal = {\apj},
archivePrefix = "arXiv",
   eprint = {1201.2668},
 primaryClass = "astro-ph.SR",
 keywords = {pulsars: individual: 1E 1547.0-5408, stars: neutron, X-rays: stars},
     year = 2012,
    month = mar,
   volume = 748,
      eid = {3},
    pages = {3},
      doi = {10.1088/0004-637X/748/1/3},
   adsurl = {http://adsabs.harvard.edu/abs/2012ApJ...748....3D},
  adsnote = {Provided by the SAO/NASA Astrophysics Data System}
}

@ARTICLE{vonkienlin2012,
   author = {{von Kienlin}, A. and {Gruber}, D. and {Kouveliotou}, C. and 
	{Granot}, J. and {Baring}, M.~G. and {G{\"o}{\v g}{\"u}{\c s}}, E. and 
	{Huppenkothen}, D. and {Kaneko}, Y. and {Lin}, L. and {Watts}, A.~L. and 
	{Bhat}, N.~P. and {Guiriec}, S. and {van der Horst}, A.~J. and 
	{Bissaldi}, E. and {Greiner}, J. and {Meegan}, C.~A. and {Paciesas}, W.~S. and 
	{Preece}, R.~D. and {Rau}, A.},
    title = "{Detection of Spectral Evolution in the Bursts Emitted during the 2008-2009 Active Episode of SGR J1550-5418}",
  journal = {\apj},
archivePrefix = "arXiv",
   eprint = {1206.4915},
 primaryClass = "astro-ph.HE",
 keywords = {pulsars: individual: SGR J1550{\ndash}5418 1E 1547.0{\ndash}5408 PSR J1550{\ndash}5418, stars: neutron, X-rays: bursts},
     year = 2012,
    month = aug,
   volume = 755,
      eid = {150},
    pages = {150},
      doi = {10.1088/0004-637X/755/2/150},
   adsurl = {http://adsabs.harvard.edu/abs/2012ApJ...755..150V},
  adsnote = {Provided by the SAO/NASA Astrophysics Data System}
}


@ARTICLE{gogus1999,
   author = {{G{\"o}{\v g}{\"u}{\c s} }, E. and {Woods}, P.~M. and {Kouveliotou}, C. and 
	{van Paradijs}, J. and {Briggs}, M.~S. and {Duncan}, R.~C. and 
	{Thompson}, C.},
    title = "{Statistical Properties of SGR 1900+14 Bursts}",
  journal = {\apjl},
   eprint = {arXiv:astro-ph/9910062},
 keywords = {GAMMA RAYS: BURSTS, STARS: INDIVIDUAL: ALPHANUMERIC: SGR 1900+14, X-RAYS: BURSTS},
     year = 1999,
    month = dec,
   volume = 526,
    pages = {L93-L96},
      doi = {10.1086/312380},
   adsurl = {http://adsabs.harvard.edu/abs/1999ApJ...526L..93G},
  adsnote = {Provided by the SAO/NASA Astrophysics Data System}
}

@ARTICLE{gogus2000,
   author = {{G{\"o}{\v g}{\"u}{\c s}}, E. and {Woods}, P.~M. and {Kouveliotou}, C. and 
	{van Paradijs}, J. and {Briggs}, M.~S. and {Duncan}, R.~C. and 
	{Thompson}, C.},
    title = "{Statistical Properties of SGR 1806-20 Bursts}",
  journal = {\apjl},
   eprint = {arXiv:astro-ph/0002181},
 keywords = {GAMMA RAYS: BURSTS, STARS: INDIVIDUAL: ALPHANUMERIC: SGR 1806-20, X-RAYS: BURSTS},
     year = 2000,
    month = apr,
   volume = 532,
    pages = {L121-L124},
      doi = {10.1086/312583},
   adsurl = {http://adsabs.harvard.edu/abs/2000ApJ...532L.121G},
  adsnote = {Provided by the SAO/NASA Astrophysics Data System}
}

@ARTICLE{cheng1996,
   author = {{Cheng}, B. and {Epstein}, R.~I. and {Guyer}, R.~A. and {Young}, A.~C.
	},
    title = "{Earthquake-like behaviour of soft {$\gamma$}-ray repeaters}",
  journal = {\nat},
     year = 1996,
    month = aug,
   volume = 382,
    pages = {518-520},
      doi = {10.1038/382518a0},
   adsurl = {http://adsabs.harvard.edu/abs/1996Natur.382..518C},
  adsnote = {Provided by the SAO/NASA Astrophysics Data System}
}


@ARTICLE{lamb1981,
   author = {{Lamb}, R.~C. and {Markert}, T.~H.},
    title = "{X-ray emission from supernova remnants near gamma-ray sources}",
  journal = {\apj},
 keywords = {GAMMA RAY ASTRONOMY, NEBULAE, SUPERNOVA REMNANTS, X RAY SOURCES, NEUTRON STARS, POINT SOURCES, PROPORTIONAL COUNTERS, X RAY TELESCOPES},
     year = 1981,
    month = feb,
   volume = 244,
    pages = {94-101},
      doi = {10.1086/158688},
   adsurl = {http://adsabs.harvard.edu/abs/1981ApJ...244...94L},
  adsnote = {Provided by the SAO/NASA Astrophysics Data System}
}


@ARTICLE{gelfand2007,
   author = {{Gelfand}, J.~D. and {Gaensler}, B.~M.},
    title = "{The Compact X-Ray Source 1E 1547.0-5408 and the Radio Shell G327.24-0.13: A New Proposed Association between a Candidate Magnetar and a Candidate Supernova Remnant}",
  journal = {\apj},
archivePrefix = "arXiv",
   eprint = {0706.1054},
 keywords = {ISM: individual (G327.24-0.13), Stars: Neutron, ISM: Supernova Remnants, X-rays: individual (1E 1547.0-5408), X-Rays: Stars},
     year = 2007,
    month = oct,
   volume = 667,
    pages = {1111-1118},
      doi = {10.1086/520526},
   adsurl = {http://adsabs.harvard.edu/abs/2007ApJ...667.1111G},
  adsnote = {Provided by the SAO/NASA Astrophysics Data System}
}
@ARTICLE{camilo2007,
   author = {{Camilo}, F. and {Ransom}, S.~M. and {Halpern}, J.~P. and {Reynolds}, J.
	},
    title = "{1E 1547.0-5408: A Radio-emitting Magnetar with a Rotation Period of 2 Seconds}",
  journal = {\apjl},
archivePrefix = "arXiv",
   eprint = {0708.0002},
 keywords = {ISM: individual (G327.24-0.13), pulsars: individual (1E 1547.0-5408), pulsars: individual (PSR J1550-5418), pulsars: individual (XTE J1810-197), Stars: Neutron},
     year = 2007,
    month = sep,
   volume = 666,
    pages = {L93-L96},
      doi = {10.1086/521826},
   adsurl = {http://adsabs.harvard.edu/abs/2007ApJ...666L..93C},
  adsnote = {Provided by the SAO/NASA Astrophysics Data System}
}
@ARTICLE{kaneko2010,
   author = {{Kaneko}, Y. and {G{\"o}{\u g}{\"u}{\c s}}, E. and {Kouveliotou}, C. and 
	{Granot}, J. and {Ramirez-Ruiz}, E. and {van der Horst}, A.~J. and 
	{Watts}, A.~L. and {Finger}, M.~H. and {Gehrels}, N. and {Pe'er}, A. and 
	{van der Klis}, M. and {von Kienlin}, A. and {Wachter}, S. and 
	{Wilson-Hodge}, C.~A. and {Woods}, P.~M.},
    title = "{Magnetar Twists: Fermi/Gamma-Ray Burst Monitor Detection of SGR J1550-5418}",
  journal = {\apj},
archivePrefix = "arXiv",
   eprint = {0911.4636},
 primaryClass = "astro-ph.HE",
 keywords = {pulsars: individual: SGR J1550{\ndash}5418 1E 1547.0{\ndash}5408 PSR J1550-5418, stars: neutron, X-rays: bursts},
     year = 2010,
    month = feb,
   volume = 710,
    pages = {1335-1342},
      doi = {10.1088/0004-637X/710/2/1335},
   adsurl = {http://adsabs.harvard.edu/abs/2010ApJ...710.1335K},
  adsnote = {Provided by the SAO/NASA Astrophysics Data System}
}



@ARTICLE{israel2010,
   author = {{Israel}, G.~L. and {Esposito}, P. and {Rea}, N. and {Dall'Osso}, S. and 
	{Senziani}, F. and {Romano}, P. and {Mangano}, V. and {G{\"o}tz}, D. and 
	{Zane}, S. and {Tiengo}, A. and {Palmer}, D.~M. and {Krimm}, H. and 
	{Gehrels}, N. and {Mereghetti}, S. and {Stella}, L. and {Turolla}, R. and 
	{Campana}, S. and {Perna}, R. and {Angelini}, L. and {de Luca}, A.
	},
    title = "{The 2008 October Swift detection of X-ray bursts/outburst from the transient SGR-like AXP 1E1547.0-5408}",
  journal = {\mnras},
archivePrefix = "arXiv",
   eprint = {1006.2950},
 primaryClass = "astro-ph.HE",
 keywords = {stars: neutron, X-rays: bursts, X-rays: individual: 1E1547.0-5408},
     year = 2010,
    month = nov,
   volume = 408,
    pages = {1387-1395},
      doi = {10.1111/j.1365-2966.2010.17001.x},
   adsurl = {http://adsabs.harvard.edu/abs/2010MNRAS.408.1387I},
  adsnote = {Provided by the SAO/NASA Astrophysics Data System}
}

@ARTICLE{mereghetti2009,
   author = {{Mereghetti}, S. and {G{\"o}tz}, D. and {Weidenspointner}, G. and 
	{von Kienlin}, A. and {Esposito}, P. and {Tiengo}, A. and {Vianello}, G. and 
	{Israel}, G.~L. and {Stella}, L. and {Turolla}, R. and {Rea}, N. and 
	{Zane}, S.},
    title = "{Strong Bursts from the Anomalous X-Ray Pulsar 1E 1547.0-5408 Observed with the INTEGRAL/SPI Anti-Coincidence Shield}",
  journal = {\apjl},
archivePrefix = "arXiv",
   eprint = {0903.1974},
 primaryClass = "astro-ph.HE",
 keywords = {gamma rays: bursts, gamma rays: observations, pulsars: individual: 1E 1547.0-5408, stars: neutron},
     year = 2009,
    month = may,
   volume = 696,
    pages = {L74-L78},
      doi = {10.1088/0004-637X/696/1/L74},
   adsurl = {http://adsabs.harvard.edu/abs/2009ApJ...696L..74M},
  adsnote = {Provided by the SAO/NASA Astrophysics Data System}
}

@ARTICLE{savchenko2010,
   author = {{Savchenko}, V. and {Neronov}, A. and {Beckmann}, V. and {Produit}, N. and 
	{Walter}, R.},
    title = "{SGR-like flaring activity of the anomalous X-ray pulsar 1E 1547.0-5408}",
  journal = {\aap},
archivePrefix = "arXiv",
   eprint = {0912.0290},
 primaryClass = "astro-ph.HE",
 keywords = {pulsars: individual: 1E 1547.0-5408, gamma-rays bursts: general},
     year = 2010,
    month = feb,
   volume = 510,
      eid = {A77},
    pages = {A77},
      doi = {10.1051/0004-6361/200911988},
   adsurl = {http://adsabs.harvard.edu/abs/2010A%26A...510A..77S},
  adsnote = {Provided by the SAO/NASA Astrophysics Data System}
}

@ARTICLE{vanderhorst2012,
   author = {{van der Horst}, A.~J. and {Kouveliotou}, C. and {Gorgone}, N.~M. and 
	{Kaneko}, Y. and {Baring}, M.~G. and {Guiriec}, S. and {G{\"o}{\v g}{\"u}{\c s}}, E. and 
	{Granot}, J. and {Watts}, A.~L. and {Lin}, L. and {Bhat}, P.~N. and 
	{Bissaldi}, E. and {Chaplin}, V.~L. and {Finger}, M.~H. and 
	{Gehrels}, N. and {Gibby}, M.~H. and {Giles}, M.~M. and {Goldstein}, A. and 
	{Gruber}, D. and {Harding}, A.~K. and {Kaper}, L. and {von Kienlin}, A. and 
	{van der Klis}, M. and {McBreen}, S. and {Mcenery}, J. and {Meegan}, C.~A. and 
	{Paciesas}, W.~S. and {Pe'er}, A. and {Preece}, R.~D. and {Ramirez-Ruiz}, E. and 
	{Rau}, A. and {Wachter}, S. and {Wilson-Hodge}, C. and {Woods}, P.~M. and 
	{Wijers}, R.~A.~M.~J.},
    title = "{SGR J1550-5418 Bursts Detected with the Fermi Gamma-Ray Burst Monitor during its Most Prolific Activity}",
  journal = {\apj},
archivePrefix = "arXiv",
   eprint = {1202.3157},
 primaryClass = "astro-ph.HE",
 keywords = {pulsars: individual: SGR J1550{\ndash}5418 1E 1547.0{\ndash}5408 PSR J1550{\ndash}5418, stars: neutron, X-rays: bursts},
     year = 2012,
    month = apr,
   volume = 749,
      eid = {122},
    pages = {122},
      doi = {10.1088/0004-637X/749/2/122},
   adsurl = {http://adsabs.harvard.edu/abs/2012ApJ...749..122V},
  adsnote = {Provided by the SAO/NASA Astrophysics Data System}
}


@ARTICLE{prieskorn2012,
   author = {{Prieskorn}, Z. and {Kaaret}, P.},
    title = "{Burst Fluence Distributions of Soft Gamma Repeaters 1806-20 and 1900+14 in the Rossi X-Ray Timing Explorer PCA Era}",
  journal = {\apj},
archivePrefix = "arXiv",
   eprint = {1207.0045},
 primaryClass = "astro-ph.HE",
 keywords = {pulsars: individual: SGR 1806{\ndash}20 SGR 1900+14, stars: magnetars, stars: neutron, X-rays: bursts},
     year = 2012,
    month = aug,
   volume = 755,
      eid = {1},
    pages = {1},
      doi = {10.1088/0004-637X/755/1/1},
   adsurl = {http://adsabs.harvard.edu/abs/2012ApJ...755....1P},
  adsnote = {Provided by the SAO/NASA Astrophysics Data System}
}
@ARTICLE{steiner2009,
   author = {{Steiner}, A.~W. and {Watts}, A.~L.},
    title = "{Constraints on Neutron Star Crusts from Oscillations in Giant Flares}",
  journal = {Physical Review Letters},
archivePrefix = "arXiv",
   eprint = {0902.1683},
 primaryClass = "astro-ph.HE",
 keywords = {Neutron star crust, Symmetry energy, Pulsations oscillations and stellar seismology},
     year = 2009,
    month = oct,
   volume = 103,
   number = 18,
      eid = {181101},
    pages = {181101},
      doi = {10.1103/PhysRevLett.103.181101},
   adsurl = {http://adsabs.harvard.edu/abs/2009PhRvL.103r1101S},
  adsnote = {Provided by the SAO/NASA Astrophysics Data System}
}

@ARTICLE{piro2005,
   author = {{Piro}, A.~L.},
    title = "{Shear Waves and Giant-Flare Oscillations from Soft Gamma-Ray Repeaters}",
  journal = {\apjl},
   eprint = {astro-ph/0510578},
 keywords = {Gamma Rays: Bursts, Stars: Magnetic Fields, Stars: Neutron, Stars: Oscillations},
     year = 2005,
    month = dec,
   volume = 634,
    pages = {L153-L156},
      doi = {10.1086/499049},
   adsurl = {http://adsabs.harvard.edu/abs/2005ApJ...634L.153P},
  adsnote = {Provided by the SAO/NASA Astrophysics Data System}
}
@ARTICLE{thompson2002,
   author = {{Thompson}, C. and {Lyutikov}, M. and {Kulkarni}, S.~R.},
    title = "{Electrodynamics of Magnetars: Implications for the Persistent X-Ray Emission and Spin-down of the Soft Gamma Repeaters and Anomalous X-Ray Pulsars}",
  journal = {\apj},
   eprint = {astro-ph/0110677},
 keywords = {Gamma Rays: Bursts, Stars: Neutron, X-Rays: Stars},
     year = 2002,
    month = jul,
   volume = 574,
    pages = {332-355},
      doi = {10.1086/340586},
   adsurl = {http://adsabs.harvard.edu/abs/2002ApJ...574..332T},
  adsnote = {Provided by the SAO/NASA Astrophysics Data System}
}

@ARTICLE{heyl2005b,
   author = {{Heyl}, J.~S. and {Hernquist}, L.},
    title = "{A QED Model for the Origin of Bursts from Soft Gamma Repeaters and Anomalous X-Ray Pulsars}",
  journal = {\apj},
   eprint = {astro-ph/0312608},
 keywords = {Elementary Particles, Gamma Rays: Theory, Stars: Pulsars: General, X-Rays: Bursts, X-Rays: Stars},
     year = 2005,
    month = jan,
   volume = 618,
    pages = {463-473},
      doi = {10.1086/425974},
   adsurl = {http://adsabs.harvard.edu/abs/2005ApJ...618..463H},
  adsnote = {Provided by the SAO/NASA Astrophysics Data System}
}
@ARTICLE{younes2013,
   author = {{Younes}, G. and {Kouveliotou}, C. and {van der Horst}, A.~J. and 
	{Baring}, M.~G. and {Granot}, J. and {Watts}, A.~L. and {Bhat}, P.~N. and 
	{Collazzi}, A. and {Gehrels}, N. and {Gorgone}, N. and {G{\"o}{\u g}{\"u}{\c s}}, E. and 
	{Gruber}, D. and {Grunblatt}, S. and {Huppenkothen}, D. and 
	{Kaneko}, Y. and {von Kienlin}, A. and {van der Klis}, M. and 
	{Lin}, L. and {Mcenery}, J. and {van Putten}, T. and {Wijers}, R.~A.~M.~J.
	},
    title = "{Time Resolved Spectroscopy of SGR J1550-5418 Bursts Detected with Fermi/Gamma-Ray Burst Monitor}",
  journal = {\apj},
archivePrefix = "arXiv",
   eprint = {1402.6015},
 primaryClass = "astro-ph.HE",
 keywords = {stars: individual: SGR J1550{\ndash}5418, stars: magnetars, X-rays: bursts},
     year = 2014,
    month = apr,
   volume = 785,
      eid = {52},
    pages = {52},
      doi = {10.1088/0004-637X/785/1/52},
   adsurl = {http://adsabs.harvard.edu/abs/2014ApJ...785...52Y},
  adsnote = {Provided by the SAO/NASA Astrophysics Data System}
}
@ARTICLE{strohmayer1991,
   author = {{Strohmayer}, T. and {van Horn}, H.~M. and {Ogata}, S. and {Iyetomi}, H. and 
	{Ichimaru}, S.},
    title = "{The shear modulus of the neutron star crust and nonradial oscillations of neutron stars}",
  journal = {\apj},
 keywords = {Density Distribution, Neutron Stars, Stellar Oscillations, Coulomb Potential, Monte Carlo Method, Shear Stress},
     year = 1991,
    month = jul,
   volume = 375,
    pages = {679-686},
      doi = {10.1086/170231},
   adsurl = {http://adsabs.harvard.edu/abs/1991ApJ...375..679S},
  adsnote = {Provided by the SAO/NASA Astrophysics Data System}
}

@ARTICLE{douchin2001,
   author = {{Douchin}, F. and {Haensel}, P.},
    title = "{A unified equation of state of dense matter and neutron star structure}",
  journal = {\aap},
   eprint = {astro-ph/0111092},
 keywords = {DENSE MATTER, EQUATION OF STATE, STARS: NEUTRON},
     year = 2001,
    month = dec,
   volume = 380,
    pages = {151-167},
      doi = {10.1051/0004-6361:20011402},
   adsurl = {http://adsabs.harvard.edu/abs/2001A%26A...380..151D},
  adsnote = {Provided by the SAO/NASA Astrophysics Data System}
}



%%%% SOC PAPERS %%%%%%%%%%%%%%%%%%%

@ARTICLE{bak1987,
   author = {{Bak}, P. and {Tang}, C. and {Wiesenfeld}, K.},
    title = "{Self-organized criticality - An explanation of 1/f noise}",
  journal = {Physical Review Letters},
 keywords = {Degrees Of Freedom, Dynamical Systems, Flicker, Fractals, Noise Spectra, Self Organizing Systems, Arrays, Clumps, Strange Attractors, Systems Stability},
     year = 1987,
    month = jul,
   volume = 59,
    pages = {381-384},
      doi = {10.1103/PhysRevLett.59.381},
   adsurl = {http://adsabs.harvard.edu/abs/1987PhRvL..59..381B},
  adsnote = {Provided by the SAO/NASA Astrophysics Data System}
}
@ARTICLE{bak1988,
   author = {{Bak}, P. and {Tang}, C. and {Wiesenfeld}, K.},
    title = "{Self-organized criticality}",
  journal = {\pra},
 keywords = {Other topics in mathematical methods in physics},
     year = 1988,
    month = jul,
   volume = 38,
    pages = {364-374},
      doi = {10.1103/PhysRevA.38.364},
   adsurl = {http://adsabs.harvard.edu/abs/1988PhRvA..38..364B},
  adsnote = {Provided by the SAO/NASA Astrophysics Data System}
}
@article{bak1989,
title = "The physics of fractals ",
journal = "Physica D: Nonlinear Phenomena ",
volume = "38",
number = "1?3",
pages = "5 - 12",
year = "1989",
note = "",
issn = "0167-2789",
doi = "http://dx.doi.org/10.1016/0167-2789(89)90166-8",
url = "http://www.sciencedirect.com/science/article/pii/0167278989901668",
author = "Per Bak and Kan Chen"
}
@ARTICLE{aschwanden2008,
   author = {{Aschwanden}, M.~J. and {Aschwanden}, P.~D.},
    title = "{Solar Flare Geometries. II. The Volume Fractal Dimension}",
  journal = {\apj},
 keywords = {Sun: Flares, Sun: UV Radiation},
     year = 2008,
    month = feb,
   volume = 674,
    pages = {544-553},
      doi = {10.1086/524370},
   adsurl = {http://adsabs.harvard.edu/abs/2008ApJ...674..544A},
  adsnote = {Provided by the SAO/NASA Astrophysics Data System}
}

@ARTICLE{aschwanden2012a,
   author = {{Aschwanden}, M.~J.},
    title = "{A statistical fractal-diffusive avalanche model of a slowly-driven self-organized criticality system}",
  journal = {\aap},
archivePrefix = "arXiv",
   eprint = {1112.4859},
 primaryClass = "astro-ph.SR",
 keywords = {Sun: flares, methods: statistical, instabilities},
     year = 2012,
    month = mar,
   volume = 539,
      eid = {A2},
    pages = {A2},
      doi = {10.1051/0004-6361/201118237},
   adsurl = {http://adsabs.harvard.edu/abs/2012A%26A...539A...2A},
  adsnote = {Provided by the SAO/NASA Astrophysics Data System}
}


@ARTICLE{aschwanden2012b,
   author = {{Aschwanden}, M.~J.},
    title = "{The Spatio-temporal Evolution of Solar Flares Observed with AIA/SDO: Fractal Diffusion, Sub-diffusion, or Logistic Growth?}",
  journal = {\apj},
archivePrefix = "arXiv",
   eprint = {1208.1527},
 primaryClass = "astro-ph.SR",
 keywords = {methods: statistical, Sun: flares, Sun: magnetic topology, Sun: UV radiation},
     year = 2012,
    month = sep,
   volume = 757,
      eid = {94},
    pages = {94},
      doi = {10.1088/0004-637X/757/1/94},
   adsurl = {http://adsabs.harvard.edu/abs/2012ApJ...757...94A},
  adsnote = {Provided by the SAO/NASA Astrophysics Data System}
}

@ARTICLE{aschwanden2013a,
   author = {{Aschwanden}, M.~J. and {Shimizu}, T.},
    title = "{Multi-wavelength Observations of the Spatio-temporal Evolution of Solar Flares with AIA/SDO. II. Hydrodynamic Scaling Laws and Thermal Energies}",
  journal = {\apj},
archivePrefix = "arXiv",
   eprint = {1308.5198},
 primaryClass = "astro-ph.SR",
 keywords = {hydrodynamics, Sun: flares, Sun: UV radiation},
     year = 2013,
    month = oct,
   volume = 776,
      eid = {132},
    pages = {132},
      doi = {10.1088/0004-637X/776/2/132},
   adsurl = {http://adsabs.harvard.edu/abs/2013ApJ...776..132A},
  adsnote = {Provided by the SAO/NASA Astrophysics Data System}
}

@BOOK{aschwanden2013b,
   author = {{Aschwanden}, M.~J.},
    title = "{Self-Organized Criticality Systems}",
 keywords = {astrophysics },
booktitle = {Self-Organized Criticality Systems, Edited by M.J.~Aschwanden.~e-book published by Open Academic Press, Berlin, Warsaw, 2013, 483pp.},
     year = 2013,
    month = jul,
publisher = {Open Academic Press},
   adsurl = {http://adsabs.harvard.edu/abs/2013socs.book.....A},
  adsnote = {Provided by the SAO/NASA Astrophysics Data System}
}


@ARTICLE{aschwanden2014,
   author = {{Aschwanden}, M.~J. and {Crosby}, N. and {Dimitropoulou}, M. and 
	{Georgoulis}, M. and {Hergarten}, S. and {McAteer}, J. and {Milovanov}, A.~V. and 
	{Mineshige}, S. and {Morales}, L. and {Nishizuka}, N. and {Pruessner}, G. and 
	{Sanchez}, R. and {Sharma}, S. and {Strugarek}, A. and {Uritsky}, V.
	},
    title = "{25 Years of Self-Organized Criticality: Solar and Astrophysics}",
  journal = {ArXiv e-prints},
archivePrefix = "arXiv",
   eprint = {1403.6528},
 primaryClass = "astro-ph.IM",
 keywords = {Astrophysics - Instrumentation and Methods for Astrophysics, Astrophysics - Solar and Stellar Astrophysics},
     year = 2014,
    month = mar,
   adsurl = {http://adsabs.harvard.edu/abs/2014arXiv1403.6528A},
  adsnote = {Provided by the SAO/NASA Astrophysics Data System}
}

@book{aschwanden2011,
  title={Self-Organized Criticality in Astrophysics: The Statistics of Nonlinear Processes in the Universe},
  author={Aschwanden, M.},
  isbn={9783642150012},
  series={Springer Praxis Books},
  url={http://books.google.nl/books?id=eNM1OylCljIC},
  year={2011},
  publisher={Springer}
}



%%%% STATS PAPERS %%%%%%%%%%%%%%%%%%
@article{skilling2006,
ajournal = "Bayesian Anal.",
author = "Skilling, John",
doi = "10.1214/06-BA127",
journal = "Bayesian Analysis",
month = "12",
number = "4",
pages = "833--859",
publisher = "International Society for Bayesian Analysis",
title = "Nested sampling for general Bayesian computation",
url = "http://dx.doi.org/10.1214/06-BA127",
volume = "1",
year = "2006"
}

@incollection{skilling1998,
year={1998},
isbn={978-94-010-6111-7},
booktitle={Maximum Entropy and Bayesian Methods},
volume={98},
series={Fundamental Theories of Physics},
editor={Erickson, GaryJ. and Rychert, JoshuaT. and Smith, C.Ray},
doi={10.1007/978-94-011-5028-6_1},
title={Massive Inference and Maximum Entropy},
url={http://dx.doi.org/10.1007/978-94-011-5028-6_1},
publisher={Springer Netherlands},
keywords={Maximum entropy; infinitely divisible; polarization; regularizaron},
author={Skilling, John},
pages={1-14},
language={English}
}


@article{brewer2011,
year={2011},
issn={0960-3174},
journal={Statistics and Computing},
volume={21},
number={4},
doi={10.1007/s11222-010-9198-8},
title={Diffusive nested sampling},
url={http://dx.doi.org/10.1007/s11222-010-9198-8},
publisher={Springer US},
keywords={Nested sampling; Bayesian computation; Markov chain Monte Carlo},
author={Brewer, BrendonJ. and Pártay, LiviaB. and Csányi, Gábor},
pages={649-656},
language={English}
}




